@Article{aintbroke,
author = {Klaus {Abels}},
title = {Don’t repair that island! It ain’t broke},
journal = {Islands in the Contemporary 
Theory},
year = {2011}
}
@Article{abelsfitcondition,
  title={On the interaction of {P}-stranding and sluicing in {B}ulgarian},
  author={Abels, Klaus},
  journal={Aspects of slavic linguistics: Formal grammar, lexicon and communication},
  volume={16},
  year={2017}
}

@unpublished{klaustalksluicing,
title= {P-stranding under sluicing and the pied-piping generalization},
author = {Klaus {Abels}},
year = {2019},
note= {Presentation at Sluicing@50, University of Chicago},
}

@InCollection{butt,
author = {Miriam {Butt}},
title = {Hindi-{U}rdu and Related Languages},
booktitle = {The Oxford Handbook of Ergativity},
year={2017},
OPTpages = {807-831},
OPTpublisher = {Oxford University Press},
OPTyear = {2017},
OPTeditor = {Jessica Coon, Diane 
Massam and Lisa Demena Travis},
}
@PhdThesis{barros14,
author = {Matthew {Barros}},
title = {Sluicing and identity in ellipsis},
school = {Rutgers University},
year = {2014}
}

@Article{chung2013syntactic,
  title={Syntactic identity in sluicing: How much and why},
  author={Chung, Sandra},
  journal={Linguistic Inquiry},
  volume={44},
  number={1},
  pages={1--44},
  year={2013},
  publisher={MIT Press}
}

@Article{rudin,
  title={Head-based syntactic identity in sluicing},
  author={Rudin, Deniz},
  journal={Linguistic Inquiry},
  volume={50},
  number={2},
  pages={253--283},
  year={2019},
  publisher={MIT Press}
}

@book{merchant,
  title={The syntax of silence: Sluicing, islands, and the theory of ellipsis},
  author={Merchant, Jason},
  year={2001},
  publisher={Oxford University Press on Demand}
}

@unpublished{hardtrudin,
title= {Sluicing and Modal Mismatches},
author = {Hardt, Daniel and Deniz Rudin},
year = {2019},
note= {Poster session
presented at Sluicing@50, University of Chicago}
}

@misc{kidwai,
  title={Case-(Mis) Matching in Urdu Sluicing},
  author={Kidwai, Sana},
  year={2018},
  howpublished={\url{http://www.lagb.org.uk/resources/Documents/Kidwai_diss.pdf}}
}

@article{manetta2013,
  title={Copy theory in wh-in-situ languages: Sluicing in Hindi-Urdu},
  author={Manetta, Emily},
  journal={Journal of South Asian Linguistics},
  volume={6},
  year={2013}
}

@misc{relevancetheory,
  title={Relevance theory},
  author={Wilson, Deirdre and Sperber, Dan},
  year={2002},
  publisher={Blackwell}
}

@article{woodetal2016,
  title={Clausal ellipsis and case (mis) matching in Icelandic},
  author={Wood, Jim and Barros, Matthew and Sigur{\dh}sson, Einar Freyr},
  year={2016},
  journal={Working Papers in Scandinavian Syntax}
}

@article{heimvonfintel,
  title={Intensional semantics},
  author={Von Fintel, Kai and Heim, Irene},
  journal={Unpublished manuscript, MIT},
  year={2011}
}

@inproceedings{rossguesswho,
  title={Guess who},
  author={John Ross},
  booktitle={Proceedings of the 5th Chicago Linguistic Society},
  pages={252--286},
  year={1969}
}

@article{philippova2014,
  title={P-omission under sluicing,[P clitic] and the nature of P-stranding},
  author={Philippova, Tatiana},
  journal={Proceedings of ConSOLE XXII. Leiden University Centre for Linguistics, Leiden},
  year={2014}
}

@article{chomsky1995principles,
author = {Chomsky, Noam and Lasnik, Howard},
year = {1993},
month = {01},
pages = {},
title = {The Theory of Principles and Parameters},
journal = {The Theory of Principles and Parameters. The Minimalist Program},
doi = {10.7551/mitpress/9780262527347.003.0001}
}

@article{clm,
  title={Sluicing and logical form},
  author={Chung, Sandra and Ladusaw, William A and McCloskey, James},
  journal={Natural language semantics},
  volume={3},
  number={3},
  pages={239--282},
  year={1995},
  publisher={Springer}
}

@misc{everythingout,
  title={Everything out! Evacuating the Icelandic vP},
  author={Wood, Jim},
  year={2018},
  howpublished={\url{https://ling.auf.net/lingbuzz/004156}}
}
